[gd_scene load_steps=32 format=2]

[ext_resource path="res://Player.gd" type="Script" id=1]
[ext_resource path="res://animations/BoxManAim.png" type="Texture" id=2]
[ext_resource path="res://animations/BoxManAirborne.png" type="Texture" id=3]
[ext_resource path="res://trail.gd" type="Script" id=4]
[ext_resource path="res://assets/BoxManIdle_1.png" type="Texture" id=5]
[ext_resource path="res://animations/BoxManIdle (1).png" type="Texture" id=6]
[ext_resource path="res://animations/BoxManDeathHorizontal.png" type="Texture" id=7]
[ext_resource path="res://player_sound_manager.gd" type="Script" id=8]
[ext_resource path="res://sfx/TimeSlowEnd.wav" type="AudioStream" id=9]
[ext_resource path="res://sfx/Jump.wav" type="AudioStream" id=10]
[ext_resource path="res://sfx/ShotPlayer.wav" type="AudioStream" id=11]
[ext_resource path="res://sfx/HeartBeat.wav" type="AudioStream" id=12]
[ext_resource path="res://sfx/Restart.wav" type="AudioStream" id=13]
[ext_resource path="res://sfx/TimeSlowDown.wav" type="AudioStream" id=14]
[ext_resource path="res://enemies/PressStart2P-Regular.ttf" type="DynamicFontData" id=15]
[ext_resource path="res://assets/EnemyBoxDeath.png" type="Texture" id=16]
[ext_resource path="res://sfx/WeaponPickup-Reload.wav" type="AudioStream" id=17]
[ext_resource path="res://sfx/Reload_Heavy.wav" type="AudioStream" id=18]
[ext_resource path="res://sfx/Win_Temp.wav" type="AudioStream" id=19]
[ext_resource path="res://sfx/Death.wav" type="AudioStream" id=20]
[ext_resource path="res://PauseMenu.gd" type="Script" id=21]
[ext_resource path="res://SettingsPopup.tscn" type="PackedScene" id=22]

[sub_resource type="Curve" id=1]
_data = [ Vector2( 0, 0.0727272 ), 0.0, 0.121064, 0, 0, Vector2( 1, 1 ), 0.927273, 0.0, 1, 0 ]

[sub_resource type="Gradient" id=2]
colors = PoolColorArray( 1, 1, 1, 0, 1, 1, 1, 1 )

[sub_resource type="Animation" id=3]
length = 0.1
tracks/0/type = "value"
tracks/0/path = NodePath(".:texture")
tracks/0/interp = 1
tracks/0/loop_wrap = true
tracks/0/imported = false
tracks/0/enabled = true
tracks/0/keys = {
"times": PoolRealArray( 0, 0.1 ),
"transitions": PoolRealArray( 1, 1 ),
"update": 1,
"values": [ ExtResource( 2 ), ExtResource( 2 ) ]
}
tracks/1/type = "value"
tracks/1/path = NodePath(".:region_rect")
tracks/1/interp = 1
tracks/1/loop_wrap = true
tracks/1/imported = false
tracks/1/enabled = true
tracks/1/keys = {
"times": PoolRealArray( 0, 0.1 ),
"transitions": PoolRealArray( 1, 1 ),
"update": 0,
"values": [ Rect2( 0, 0, 16, 16 ), Rect2( 0, 0, 16, 16 ) ]
}
tracks/2/type = "value"
tracks/2/path = NodePath(".:rotation_degrees")
tracks/2/interp = 1
tracks/2/loop_wrap = true
tracks/2/imported = false
tracks/2/enabled = false
tracks/2/keys = {
"times": PoolRealArray( 0 ),
"transitions": PoolRealArray( 1 ),
"update": 0,
"values": [ 0.0 ]
}

[sub_resource type="Animation" id=4]
loop = true
tracks/0/type = "value"
tracks/0/path = NodePath(".:texture")
tracks/0/interp = 1
tracks/0/loop_wrap = true
tracks/0/imported = false
tracks/0/enabled = true
tracks/0/keys = {
"times": PoolRealArray( 0 ),
"transitions": PoolRealArray( 1 ),
"update": 1,
"values": [ ExtResource( 3 ) ]
}
tracks/1/type = "value"
tracks/1/path = NodePath(".:region_rect")
tracks/1/interp = 0
tracks/1/loop_wrap = true
tracks/1/imported = false
tracks/1/enabled = true
tracks/1/keys = {
"times": PoolRealArray( 0, 0.1, 0.2, 0.3, 0.4, 0.5, 0.6, 0.7, 0.8, 0.9, 1 ),
"transitions": PoolRealArray( 1, 1, 1, 1, 1, 1, 1, 1, 1, 1, 1 ),
"update": 0,
"values": [ Rect2( 0, 0, 16, 16 ), Rect2( 16, 0, 16, 16 ), Rect2( 0, 0, 16, 16 ), Rect2( 16, 0, 16, 16 ), Rect2( 0, 0, 16, 16 ), Rect2( 16, 0, 16, 16 ), Rect2( 0, 0, 16, 16 ), Rect2( 16, 0, 16, 16 ), Rect2( 0, 0, 16, 16 ), Rect2( 16, 0, 16, 16 ), Rect2( 0, 0, 16, 16 ) ]
}
tracks/2/type = "value"
tracks/2/path = NodePath(".:rotation_degrees")
tracks/2/interp = 1
tracks/2/loop_wrap = true
tracks/2/imported = false
tracks/2/enabled = true
tracks/2/keys = {
"times": PoolRealArray( 0, 1 ),
"transitions": PoolRealArray( 1, 1 ),
"update": 0,
"values": [ 0.0, 360.0 ]
}
tracks/3/type = "value"
tracks/3/path = NodePath(".:scale")
tracks/3/interp = 1
tracks/3/loop_wrap = true
tracks/3/imported = false
tracks/3/enabled = true
tracks/3/keys = {
"times": PoolRealArray( 0, 0.2, 0.5, 0.8, 1 ),
"transitions": PoolRealArray( 1, 1, 1, 1, 1 ),
"update": 0,
"values": [ Vector2( 3, 3 ), Vector2( 2.5, 2.5 ), Vector2( 3, 3 ), Vector2( 2.5, 2.5 ), Vector2( 3, 3 ) ]
}

[sub_resource type="Animation" id=5]
tracks/0/type = "value"
tracks/0/path = NodePath(".:texture")
tracks/0/interp = 1
tracks/0/loop_wrap = true
tracks/0/imported = false
tracks/0/enabled = true
tracks/0/keys = {
"times": PoolRealArray( 0 ),
"transitions": PoolRealArray( 1 ),
"update": 1,
"values": [ ExtResource( 7 ) ]
}
tracks/1/type = "value"
tracks/1/path = NodePath(".:region_rect")
tracks/1/interp = 0
tracks/1/loop_wrap = true
tracks/1/imported = false
tracks/1/enabled = true
tracks/1/keys = {
"times": PoolRealArray( 0, 0.1, 0.2, 0.3, 0.4, 0.5, 0.6, 0.7, 0.8, 0.9, 1 ),
"transitions": PoolRealArray( 1, 1, 1, 1, 1, 1, 1, 1, 1, 1, 1 ),
"update": 0,
"values": [ Rect2( 0, 0, 16, 16 ), Rect2( 16, 0, 16, 16 ), Rect2( 32, 0, 16, 16 ), Rect2( 48, 0, 16, 16 ), Rect2( 64, 0, 16, 16 ), Rect2( 80, 0, 16, 16 ), Rect2( 96, 0, 16, 16 ), Rect2( 112, 0, 16, 16 ), Rect2( 128, 0, 16, 16 ), Rect2( 144, 0, 16, 16 ), Rect2( 160, 0, 16, 16 ) ]
}
tracks/2/type = "value"
tracks/2/path = NodePath(".:position")
tracks/2/interp = 2
tracks/2/loop_wrap = true
tracks/2/imported = false
tracks/2/enabled = true
tracks/2/keys = {
"times": PoolRealArray( 0, 0.1, 0.2, 0.3, 0.5, 1 ),
"transitions": PoolRealArray( 1, 1, 1, 1, 1, 1 ),
"update": 0,
"values": [ Vector2( 0, 0 ), Vector2( 0, 0 ), Vector2( 0, -15 ), Vector2( 0, -15 ), Vector2( 0, 0 ), Vector2( 0, 0 ) ]
}
tracks/3/type = "value"
tracks/3/path = NodePath(".:scale")
tracks/3/interp = 2
tracks/3/loop_wrap = true
tracks/3/imported = false
tracks/3/enabled = true
tracks/3/keys = {
"times": PoolRealArray( 0, 0.1, 0.2, 0.3, 0.5, 1 ),
"transitions": PoolRealArray( 1, 1, 1, 1, 1, 1 ),
"update": 0,
"values": [ Vector2( 3, 3 ), Vector2( 3, 3 ), Vector2( 2.5, 2.5 ), Vector2( 2.5, 2.5 ), Vector2( 3, 3 ), Vector2( 3, 3 ) ]
}
tracks/4/type = "value"
tracks/4/path = NodePath(".:rotation_degrees")
tracks/4/interp = 1
tracks/4/loop_wrap = true
tracks/4/imported = false
tracks/4/enabled = true
tracks/4/keys = {
"times": PoolRealArray( 0, 1 ),
"transitions": PoolRealArray( 1, 1 ),
"update": 0,
"values": [ 0.0, 0.0 ]
}

[sub_resource type="Animation" id=6]
length = 0.4
loop = true
tracks/0/type = "value"
tracks/0/path = NodePath(".:texture")
tracks/0/interp = 1
tracks/0/loop_wrap = true
tracks/0/imported = false
tracks/0/enabled = true
tracks/0/keys = {
"times": PoolRealArray( 0 ),
"transitions": PoolRealArray( 1 ),
"update": 1,
"values": [ ExtResource( 6 ) ]
}
tracks/1/type = "value"
tracks/1/path = NodePath(".:region_rect")
tracks/1/interp = 0
tracks/1/loop_wrap = true
tracks/1/imported = false
tracks/1/enabled = true
tracks/1/keys = {
"times": PoolRealArray( 0, 0.2, 0.4 ),
"transitions": PoolRealArray( 1, 1, 1 ),
"update": 0,
"values": [ Rect2( 0, 0, 16, 16 ), Rect2( 16, 0, 16, 16 ), Rect2( 0, 0, 16, 16 ) ]
}
tracks/2/type = "value"
tracks/2/path = NodePath(".:rotation_degrees")
tracks/2/interp = 1
tracks/2/loop_wrap = true
tracks/2/imported = false
tracks/2/enabled = false
tracks/2/keys = {
"times": PoolRealArray( 0, 0.4 ),
"transitions": PoolRealArray( 1, 1 ),
"update": 0,
"values": [ 0.0, 0.0 ]
}

[sub_resource type="Animation" id=7]
resource_name = "enemyDeath"
length = 1.5
tracks/0/type = "value"
tracks/0/path = NodePath(".:texture")
tracks/0/interp = 1
tracks/0/loop_wrap = true
tracks/0/imported = false
tracks/0/enabled = true
tracks/0/keys = {
"times": PoolRealArray( 0 ),
"transitions": PoolRealArray( 1 ),
"update": 1,
"values": [ ExtResource( 16 ) ]
}
tracks/1/type = "value"
tracks/1/path = NodePath(".:region_enabled")
tracks/1/interp = 1
tracks/1/loop_wrap = true
tracks/1/imported = false
tracks/1/enabled = true
tracks/1/keys = {
"times": PoolRealArray( 0 ),
"transitions": PoolRealArray( 1 ),
"update": 1,
"values": [ true ]
}
tracks/2/type = "value"
tracks/2/path = NodePath(".:region_rect")
tracks/2/interp = 1
tracks/2/loop_wrap = true
tracks/2/imported = false
tracks/2/enabled = true
tracks/2/keys = {
"times": PoolRealArray( 0, 0.1, 0.2, 0.3, 0.4, 0.5, 0.6, 0.7, 0.8, 1, 1.5 ),
"transitions": PoolRealArray( 1, 1, 1, 1, 1, 1, 1, 1, 1, 1, 1 ),
"update": 1,
"values": [ Rect2( 0, 0, 32, 24 ), Rect2( 32, 0, 32, 24 ), Rect2( 64, 0, 32, 24 ), Rect2( 96, 0, 32, 24 ), Rect2( 128, 0, 32, 24 ), Rect2( 160, 0, 32, 24 ), Rect2( 192, 0, 32, 24 ), Rect2( 224, 0, 32, 24 ), Rect2( 256, 0, 32, 24 ), Rect2( 288, 0, 32, 24 ), Rect2( 320, 0, 32, 24 ) ]
}
tracks/3/type = "method"
tracks/3/path = NodePath("..")
tracks/3/interp = 1
tracks/3/loop_wrap = true
tracks/3/imported = false
tracks/3/enabled = true
tracks/3/keys = {
"times": PoolRealArray(  ),
"transitions": PoolRealArray(  ),
"values": [  ]
}

[sub_resource type="RectangleShape2D" id=8]
extents = Vector2( 16, 19 )

[sub_resource type="DynamicFont" id=9]
size = 32
outline_size = 2
outline_color = Color( 0, 0, 0, 1 )
font_data = ExtResource( 15 )

[node name="Player" type="KinematicBody2D" groups=[
"player",
]]
position = Vector2( -816.677, -121.443 )
script = ExtResource( 1 )
gravity = 15
aim_scale_percentage = 0.1

[node name="TrailPivot" type="Node" parent="."]

[node name="Trail" type="Line2D" parent="TrailPivot"]
position = Vector2( 300, -100 )
z_index = -1
width = 15.0
width_curve = SubResource( 1 )
default_color = Color( 0.4, 0.501961, 1, 1 )
gradient = SubResource( 2 )
joint_mode = 2
begin_cap_mode = 2
end_cap_mode = 2
round_precision = 50
script = ExtResource( 4 )
length = 10

[node name="Sprite" type="Sprite" parent="."]
scale = Vector2( 3, 3 )
texture = ExtResource( 2 )
region_enabled = true
region_rect = Rect2( 0, 0, 16, 16 )
__meta__ = {
"_edit_lock_": true
}

[node name="AnimationPlayer" type="AnimationPlayer" parent="Sprite"]
anims/Aiming = SubResource( 3 )
anims/Airborn = SubResource( 4 )
anims/Death = SubResource( 5 )
anims/Idle = SubResource( 6 )
anims/enemyDeath = SubResource( 7 )

[node name="CoyoteTimer" type="Timer" parent="."]
wait_time = 0.25
one_shot = true

[node name="WeaponPivot" type="Node2D" parent="."]
__meta__ = {
"_edit_lock_": true
}

[node name="Light2D" type="Light2D" parent="."]
texture = ExtResource( 5 )
color = Color( 0.980392, 0.984314, 0.980392, 1 )
shadow_enabled = true
shadow_color = Color( 0, 0, 0, 1 )
shadow_gradient_length = 1189.2

[node name="TextSpawnPosition" type="Position2D" parent="."]
position = Vector2( 0, -32 )
__meta__ = {
"_edit_lock_": true
}

[node name="CollisionShape2D" type="CollisionShape2D" parent="."]
shape = SubResource( 8 )

[node name="FireRateTimer" type="Timer" parent="."]
wait_time = 0.1
one_shot = true

[node name="VisibilityNotifier2D" type="VisibilityNotifier2D" parent="."]

[node name="Sounds" type="Node" parent="."]
script = ExtResource( 8 )

[node name="Jump" type="AudioStreamPlayer" parent="Sounds"]
stream = ExtResource( 10 )
volume_db = -5.0
pitch_scale = 0.35

[node name="Shot" type="AudioStreamPlayer" parent="Sounds"]
stream = ExtResource( 11 )
volume_db = -2.0
pitch_scale = 0.9

[node name="TimeSlow" type="AudioStreamPlayer" parent="Sounds"]
stream = ExtResource( 14 )

[node name="TimeSlowEnd" type="AudioStreamPlayer" parent="Sounds"]
stream = ExtResource( 9 )

[node name="Heartbeat" type="AudioStreamPlayer" parent="Sounds"]
stream = ExtResource( 12 )

[node name="Restart" type="AudioStreamPlayer" parent="Sounds"]
stream = ExtResource( 13 )
volume_db = -6.0

[node name="Reload" type="AudioStreamPlayer" parent="Sounds"]
stream = ExtResource( 18 )
volume_db = -7.0

[node name="Death" type="AudioStreamPlayer" parent="Sounds"]
stream = ExtResource( 20 )

[node name="Pickup" type="AudioStreamPlayer" parent="Sounds"]
stream = ExtResource( 17 )

[node name="Win" type="AudioStreamPlayer" parent="Sounds"]
stream = ExtResource( 19 )

[node name="UICanvas" type="CanvasLayer" parent="."]

[node name="RestartText" type="Label" parent="UICanvas"]
anchor_left = 0.5
anchor_top = 0.5
anchor_right = 0.5
anchor_bottom = 0.5
margin_left = -256.0
margin_top = -16.0
margin_right = 256.0
margin_bottom = 16.0
rect_pivot_offset = Vector2( 256, 16 )
custom_fonts/font = SubResource( 9 )
custom_colors/font_color = Color( 1, 0, 0, 1 )
text = "Click to Restart"
align = 1
valign = 1
__meta__ = {
"_edit_use_anchors_": false
}

[node name="PauseMenu" type="PopupMenu" parent="UICanvas"]
pause_mode = 2
anchor_left = 0.5
anchor_top = 0.5
anchor_right = 0.5
anchor_bottom = 0.5
margin_left = -10.0
margin_top = -10.0
margin_right = 10.0
margin_bottom = 10.0
popup_exclusive = true
items = [ "Resume", null, 0, false, false, 0, 0, null, "", false, "Restart Level", null, 0, false, false, 1, 0, null, "", false, "Level Select", null, 0, false, false, 2, 0, null, "", false, "Settings", null, 0, false, false, 3, 0, null, "", false, "Quit to Main Menu", null, 0, false, true, 4, 0, null, "", false, "Exit Game", null, 0, false, false, 5, 0, null, "", false ]
script = ExtResource( 21 )

[node name="SettingsPopup" parent="UICanvas" instance=ExtResource( 22 )]

[connection signal="timeout" from="CoyoteTimer" to="." method="_on_CoyoteTimer_timeout"]
[connection signal="timeout" from="FireRateTimer" to="." method="_on_FireRateTimer_timeout"]
[connection signal="screen_exited" from="VisibilityNotifier2D" to="." method="_on_VisibilityNotifier2D_screen_exited"]
[connection signal="index_pressed" from="UICanvas/PauseMenu" to="UICanvas/PauseMenu" method="_on_PauseMenu_index_pressed"]
